@book{nist811-si-guide,
  author       = {Thompson, Ambler and Taylor, Barry N.},
  title        = {Guide for the Use of the International System of Units (SI)},
  series       = {NIST Special Publication},
  volume       = {811},
  edition      = {2008},
  publisher    = {National Institute of Standards and Technology},
  year         = {2008},
  pages        = {10},
  note         = {Conversion factor 1 mmHg = 133.322 Pa (Table 9)},
  url          = {https://physics.nist.gov/cuu/pdf/sp811.pdf},
}

@book{tcpip,
  author="W.リチャード.スティーヴンス",
  title="詳解TCP/IP Vol.1プロトコル",
  publisher="厚徳社",
  year="2000",
  pages="1-13",
  URL="https://cir.nii.ac.jp/crid/1571980076088198144"
}
